2609 4702
201 1168 485 1392 Quid
534 1288 980 1390 exspectare
1029 1278 1386 1376 debeant,
1458 1289 1594 1388 qui
1643 1276 2182 1397 hunc'libru'm

107 1482 115 1491 ,
197 1408 394 1503 legere
424 1409 888 1504 instituunt,
946 1410 1099 1484 hoc
1142 1411 1378 1508 magis
1425 1432 1619 1508 opus
1668 1409 1764 1482 est
1809 1426 1895 1483 ut
1923 1397 2181 1508 ,expo-

203 1549 377 1625 nam‚
447 1550 627 1625 quo
678 1529 913 1625 magis
962 1528 1390 1602 verendum
1431 1526 1619 1600 mihi
1670 1526 1800 1611 est,
1876 1550 1972 1611 ne
2010 1527 2181 1627 quis
2227 1556 2244 1615 '.

134 1640 139 1645 ’
211 1665 275 1715 ea
293 1668 394 1718 me
424 1644 723 1719 dedisse
758 1644 1030 1743 speret,
1089 1669 1283 1747 quae
1319 1666 1458 1719 nec
1491 1642 1710 1720 volui
1740 1644 1984 1744 dare,
2043 1667 2182 1721 nec
2261 1726 2270 1735 ,

138 1842 143 1853 ,
196 1764 404 1858 potui.
496 1763 893 1836 Graecae
967 1764 1501 1879 grammaticae
1565 1763 1946 1837 rationem
2016 1785 2187 1840 non

206 1878 613 1977 emendare,
704 1879 865 1965 sed,
957 1903 1151 1977 quo
1180 1896 1409 1979 pacto
1472 1880 1856 1954 emendari
1911 1870 2184 2013 pofl‘et3
2253 1932 2263 1953 .

204 1998 559 2072 ostendere
608 1997 882 2073 studui.
997 1998 1266 2097 Itaque
1296 2021 1463 2072 non
1509 2018 1772 2073 omnes
1808 2020 2184 2096 gramma-

204 2115 355 2219 ticae
381 2133 639 2214 partes
672 2116 1192 2215 disputatione
1225 2112 1734 2214 consequutus
1779 2112 1985 2212 sum,
2060 2096 2189 2189 sed

203 2254 271 2305 ea
304 2248 645 2345 tantum,
731 2254 927 2329 quae
969 2216 1262 2317 summa
1302 2233 1476 2308 sunt
1519 2232 1746 2308 huius
1793 2232 2187 2309 doctrinae

203 2353 443 2448 capita,
505 2375 607 2426 ac
646 2344 898 2426 ncilla
929 2350 1240 2451 quidem
1271 2354 1585 2478 integra,
1646 2348 1878 2451 attigi.
1998 2353 2191 2426 Eted
2279 2439 2288 2444 ,

201 2470 334 2542 nim
390 2472 579 2568 quis
636 2485 793 2560 tam
860 2471 947 2544 fit
997 2472 1485 2574 temerariuS,
1598 2491 1686 2543 ut
1754 2468 2191 2544 universam

200 2583 507 2662 Graecae
553 2589 859 2685 linguae
906 2555 1376 2683 doctrinam,
1440 2610 1633 2692 quae
1675 2588 1815 2660 vix
1862 2569 2191 2660 conion-

204 2705 323 2777 ctis
338 2708 777 2794 multorum
808 2701 1065 2781 studiis
1096 2706 1444 2778 illustrari
1478 2703 1752 2802 potest,
1798 2702 1930 2776 sua
1958 2705 2187 2779 unius

207 2844 433 2926 opera
474 2815 950 2921 explicatum
1003 2825 1099 2896 iri
1160 2813 1661 2896 existimet?·
1694 2823 1985 2920 Imm0‚
2054 2822 2191 2922 qui

206 2937 455 3014 huius
424 2942 543 3014 rei
573 2935 1096 3015 difficultatem
1127 2956 1330 3014 recte
1356 2939 1840 3072 perspexerit,
1891 2955 2026 3016 aut
2056 2940 2191 3016 ali-

208 3073 399 3154 quem
426 3075 481 3132 e
494 3057 778 3134 multis
812 3045 1071 3132 locum
1109 3037 1351 3156 eliget,
1411 3058 1495 3130 in
1527 3080 1691 3155 quo
1723 3073 2189 3184 pertractam-

207 3176 290 3248 do
335 3199 651 3275 operam
706 3190 951 3273 ponat
1006 3175 1251 3259 suam,
1366 3191 1534 3260 aut,
1650 3176 1705 3250 fi
1759 3167 2194 3254 universam

72 3367 111 3378 ,.
198 3295 750 3389 grammaticam
781 3292 1420 3424 comprehendere
1455 3294 1708 3387 volet,
1765 3294 1847 3367 in
1875 3317 1967 3367 eo
1997 3315 2190 3367 con-
2279 3387 2284 3394 ,

81 3466 95 3475 .
211 3408 410 3486 fistere
440 3411 671 3485 satius
714 3412 1056 3508 putabit,
1115 3425 1205 3484 ut
1253 3410 1462 3486 viam
1490 3399 1807 3486 indicet,
1878 3433 2072 3508 quae
2105 3413 2193 3488 in

215 3531 550 3626 cuiusque
600 3529 761 3601 loci
824 3528 1341 3626 explicatione
1407 3529 1754 3602 videatur
1798 3507 2190 3627 aptiffima.

106 3733 121 3748 ἀ
215 3644 293 3718 111
309 3669 449 3743 qua
480 3671 563 3720 re
589 3646 926 3719 multum
958 3643 1185 3719 refert
1210 3645 1668 3742 meminisse,
1729 3663 1924 3742 quae
1978 3637 2189 3722 caus-'-

180 3760 308 3836 -sae
350 3765 482 3838 fint
508 3763 991 3855 obscuritatis
1020 3761 1372 3836 Graecae·
1395 3707 1949 3862 grammaticae.
2010 3761 2189 3837 Ori-
2291 3743 2322 3776 ”

221 3882 360 3976 gine
388 3884 583 3955 enim
610 3880 1098 3972 obscuritatis
1129 3882 1436 3977 cognita
1477 3898 1612 3956 aut
1653 3881 1822 3970 tolli
1854 3867 2192 3960 obscuri-

94 4097 101 4104 «
225 4010 307 4072 tas
328 4014 636 4098 potent,
692 4013 871 4085 aut,
927 3994 997 4070 fi
1013 3995 1181 4072 tolli
1222 4018 1386 4072 non
1420 3998 1698 4097 potest
1747 3997 2191 4097 prohibebiss

1199 4115 1308 4185 *ο
