2609 4702
1715 180 1726 211 1

1657 222 1704 237 ’ψ

318 370 333 379 l
436 289 667 364 148.
888 266 1410 383 '1³13ssth
1513 230 1974 368 crant„

418 454 543 535 'sus
576 461 1007 533 adhibentur
1035 461 1193 548 alii,
1245 480 1364 546 ut,
1407 459 1755 555 set-zatum
1777 470 2251 562 populumque
2279 469 2429 540 R·-

431 570 758 651 manuni,
785 565 1090 659 senatui
1108 569 1508 661 populoque
1530 568 1888 669 Romanos
2185 586 2192 593 ·
2405 590 2412 597 ·

1223 1024 1636 1109 Caum,

1071 1190 1194 1244 De
1253 1184 1781 1267 personia

420 1444 796 1567 Denique
861 1474 915 1541 fi
972 1471 1471 1544 modalitatem
1545 1470 1931 1543 nominum
2009 1476 2424 1567 spectamus,

423 1580 769 1672 personae
811 1577 886 1644 in
930 1575 1017 1645 iis
1057 1575 1634 1668 conspiciuntur:
1683 1574 1871 1667 quae
1918 1594 2194 1644 tantum
2238 1574 2423 1645 abest

423 1698 508 1747 ut
536 1676 775 1747 verbis
790 1677 1229 1769 potissimum
1258 1677 1683 1746 tribuendae
1713 1677 1867 1760 fint‚
1918 1677 1994 1747 in
2022 1677 2133 1746 his
2165 1694 2248 1746 ut
2271 1672 2446 1745 non

280 1830 293 1845 ,
420 1779 553 1850 nifi
582 1796 968 1871 propterea
992 1777 1475 1870 reperiantur,
1530 1780 1733 1871 quod
1765 1780 2186 1863 nominum,
2238 1799 2423 1873 quae
2487 1810 2490 1817 ·

410 1883 630 1952 simul
654 1879 891 1949 verbis
920 1880 1405 1965 continentur,
1452 1878 1792 1975 propriae
1823 1883 2007 1951 sunt.
2056 1880 2164 1951 Ac
2193 1883 2422 1973 supra,

419 2007 654 2078 quum
694 1984 785 2051 de
815 1980 1374 2075 pronominibus
1405 1984 1796 2068 diceretur,
1864 1984 2422 2053 demonstratum
2493 2068 2502 2071 ,

418 2087 540 2169 est,
593 2086 779 2155 hanc
807 2084 936 2155 effe
963 2085 1341 2176 propriam
1365 2061 2031 2177 personarumvim,
2081 2102 2166 2153 ut
2190 2084 2422 2153 subie-

326 2210 335 2217 ’
416 2206 657 2270 ctum,
731 2187 824 2255 de
863 2211 1013 2279 quo
1052 2185 1615 2278 quis-loquitur,
1678 2204 1800 2256 aut
1845 2206 1925 2257 ut
1956 2212 2124 2259 vere
2149 2182 2419 2257 exsta'ns

308 2353 321 2362 ,
416 2280 723 2386 ponant,
772 2313 955 2383 quae
980 2286 1231 2380 tertiae
1248 2290 1592 2380 personae
1615 2305 1866 2360 natura
1895 2292 2013 2377 est,
2044 2304 2188 2376 aut,
2235 2305 2419 2358 tam-

417 2416 638 2488 quam
675 2392 881 2484 quod
915 2390 1125 2485 possit
1156 2391 1446 2476 exstare,
1497 2394 1797 2478 sumant,
1843 2391 2420 2494 quodsecundae

411 2496 760 2590 personae
780 2493 875 2564 ost
900 2492 1242 2579 officium,
1294 2508 1416 2561 aut
1442 2491 1757 2586 denique
1784 2512 1865 2586 ut
1891 2491 2268 2565 necessario
2294 2518 2419 2562 ex-

288 2629 295 2644 ¹
414 2599 596 2668 stans
625 2596 944 2692 cogitare
975 2594 1302 2681 iubeant,
1356 2617 1540 2688 quae
1565 2593 1842 2688 primae
1868 2599 2208 2689 personae
2230 2596 2416 2666 ratio

320 2697 327 2702 ’
414 2701 535 2769 est.
634 2700 779 2769 Sed
820 2695 1257 2791 Apollonius
1296 2698 1660 2790 Dyscolus
1697 2698 1776 2766 in
1810 2699 1936 2768 lib.
1970 2700 2098 2772 111.
2133 2699 2225 2767 de
2249 2699 2416 2793 syn'-

350 2865 361 2874 ,
411 2799 567 2870 taxi
604 2826 677 2896 p.
716 2823 854 2892 219.
920 2825 1039 2883 ea,
1118 2820 1303 2893 quae
1343 2799 1644 2891 proprie
1692 2801 1990 2869 nomina
2019 2811 2436 2888 vocantu&

415 2902 663 2986 omnia
690 2902 868 2972 dicit
894 2924 1027 2993 per
1053 2899 1122 2969 se
1146 2900 1397 2970 tertiae
1435 2904 1781 2993 personae
1813 2902 1967 2973 effe.
2067 2904 2156 2972 Id
2182 2903 2304 2971 ille
2343 2919 2417 2970 et

410 3026 581 3074 vere
613 3023 683 3072 et
723 3005 937 3073 docte
976 3004 1371 3074 adnotavit.
1483 3002 1674 3072 Nam
1723 3029 1952 3097 quum
1995 3001 2241 3073 omnia
2274 3025 2412 3072 no-

406 3101 610 3174 mina
625 3121 905 3198 praeter
936 3103 1229 3175 alicuius
1264 3098 1705 3176 conditionis
1731 3105 2182 3178 notationem
2203 3105 2415 3174 flmul

408 3204 807 3277 subiectum
868 3205 1167 3299 aliquod
1219 3205 1648 3303 significent,
1724 3229 1878 3277 non
1929 3209 2159 3301 potest
2221 3203 2413 3290 illud

403 3307 810 3384 subiectum
848 3331 1001 3377 non
1048 3307 1368 3402 aliquam
1405 3305 1666 3378 habere
1717 3310 2073 3380 rationem
2115 3311 2207 3379 ad
2256 3307 2413 3379 ani-

401 3435 609 3482 mum
646 3409 1044 3507 cogitantis.
1141 3413 1243 3480 Ea
1272 3435 1447 3480 vero
1476 3410 1659 3479 ratio
1703 3412 1890 3481 nihil
1922 3413 2018 3480 est
2049 3411 2254 3482 aliud
2277 3412 2412 3490 nifi

400 3515 748 3605 personae
777 3510 1081 3597 notati0‚
1134 3531 1254 3582 aut
1279 3538 1447 3586 vere
1480 3511 1833 3599 exstantis»,
1884 3532 2004 3584 aut
2033 3511 2410 3606 poffibilis,

401 3632 524 3683 aut
554 3603 989 3686 necessariae.
1089 3607 1319 3706 Atqui
1345 3617 1723 3708 quqmodo
1742 3616 1983 3708 prima
2008 3633 2129 3684 aut
2157 3617 2413 3685 secun-

404 3717 497 3785 da
554 3719 857 3808 persona
915 3716 1334 3808 nominibus
1391 3741 1523 3809 per
1580 3720 1646 3786 se
1686 3716 2044 3796 contineri
2085 3715 2411 3810 poterit?
2509 3723 2518 3744 '

282 3845 287 3849 ·
398 3817 639 3886 Prima
682 3820 985 3912 quidem
1032 3836 1413 3911 propterea
1457 3843 1611 3888 non
1655 3819 1961 3913 poterit,
2014 3819 2185 3913 quia
2221 3809 2411 3889 nihss

398 3919 667 3988 caussae
691 3921 808 4004 est,
861 3943 1083 4014 quare
1110 3919 1415 3989 omnino
1449 3920 1750 4013 aliquod
1772 3921 2172 3993 subiectum
2193 3945 2412 4014 prae·-

398 4019 621 4093 dicati
640 4021 934 4093 alicuius
964 4022 1348 4094 accessione
1374 4024 1785 4115 praeditum
1801 4022 2184 4100 necessario
2201 4021 2407 4124 cogi-
